<record><leader>00000cas a22000007a 4500</leader><controlfield tag="001">11052668</controlfield><controlfield tag="008">840814d18331861inucr ne      0   a0eng d</controlfield><datafield ind1=" " ind2=" " tag="010"><subfield code="a">sn 84023881 </subfield></datafield><datafield ind1=" " ind2=" " tag="040"><subfield code="a">AQM</subfield><subfield code="b">eng</subfield><subfield code="c">AQM</subfield><subfield code="d">NPX</subfield><subfield code="d">NPI</subfield><subfield code="d">NVK</subfield><subfield code="d">OCL</subfield><subfield code="d">IUL</subfield><subfield code="d">OCLCQ</subfield><subfield code="d">OCLCF</subfield><subfield code="d">DLC</subfield><subfield code="d">OCLCO</subfield></datafield><datafield ind1="0" ind2=" " tag="022"><subfield code="a">2372-5230</subfield><subfield code="2">1</subfield></datafield><datafield ind1=" " ind2=" " tag="042"><subfield code="a">msc</subfield><subfield code="a">nsdp</subfield></datafield><datafield ind1=" " ind2=" " tag="043"><subfield code="a">n-us-in</subfield></datafield><datafield ind1="0" ind2="0" tag="050"><subfield code="a">Newspaper</subfield></datafield><datafield ind1="0" ind2="0" tag="082"><subfield code="a">071</subfield><subfield code="2">23</subfield></datafield><datafield ind1="0" ind2=" " tag="130"><subfield code="a">Indiana American (Brookville, Ind. : 1833)</subfield></datafield><datafield ind1=" " ind2="0" tag="222"><subfield code="a">Indiana American</subfield><subfield code="b">(Brookville, Ind. 1833. Print)</subfield></datafield><datafield ind1="1" ind2="0" tag="245"><subfield code="a">Indiana American.</subfield></datafield><datafield ind1="1" ind2="3" tag="246"><subfield code="a">Weekly Indiana American</subfield></datafield><datafield ind1=" " ind2=" " tag="260"><subfield code="a">Brookville, Ind. :</subfield><subfield code="b">C.F. Clarkson,</subfield><subfield code="c">1833-1861.</subfield></datafield><datafield ind1=" " ind2=" " tag="300"><subfield code="a">v. :</subfield><subfield code="b">ill. ;</subfield><subfield code="c">52-66 cm.</subfield></datafield><datafield ind1=" " ind2=" " tag="310"><subfield code="a">Semiweekly (twice a week),</subfield><subfield code="b">Jan. 1861-</subfield></datafield><datafield ind1=" " ind2=" " tag="321"><subfield code="a">Weekly,</subfield><subfield code="b">July 1833-Dec. 1860</subfield></datafield><datafield ind1="0" ind2=" " tag="362"><subfield code="a">Vol. 1, no. 29 (July 19, 1833)-</subfield></datafield><datafield ind1="1" ind2=" " tag="362"><subfield code="a">Ceased in early 1861.</subfield></datafield><datafield ind1=" " ind2=" " tag="500"><subfield code="a">Imprint varies: Published in Brookville, July 19, 1833-Apr. 10, 1857 and in Indianapolis, Apr. 17, 1857-1861.</subfield></datafield><datafield ind1=" " ind2=" " tag="500"><subfield code="a">Publisher varies: C.F. Clarkson, &lt;1833-1853&gt;; Thomas A. Goodwin, &lt;1853-1858&gt;; J.F. Bunner, &lt;1858&gt;-Feb. 18, 1859; Thomas A. Goodwin, Feb. 25, 1859-Nov. 1859; Jas. H. Smith, Dec. 1859-Jan. 4, 1860; J.P. Trimble, Jan. 11, 1860-1861.</subfield></datafield><datafield ind1=" " ind2=" " tag="500"><subfield code="a">"Whig," &lt;1833&gt;; "Abolitionist, " &lt;1853&gt;. Cf. Miller, J.W. Ind. newspaper bibliography.</subfield></datafield><datafield ind1=" " ind2=" " tag="530"><subfield code="a">Also issued on microfilm by Bell &amp; Howell.</subfield></datafield><datafield ind1=" " ind2=" " tag="530"><subfield code="a">Archived issues are available in digital format from the Library of Congress Chronicling America online collection.</subfield></datafield><datafield ind1=" " ind2="0" tag="651"><subfield code="a">Brookville (Ind.)</subfield><subfield code="v">Newspapers.</subfield></datafield><datafield ind1=" " ind2="0" tag="651"><subfield code="a">Indianapolis (Ind.)</subfield><subfield code="v">Newspapers.</subfield></datafield><datafield ind1=" " ind2="7" tag="651"><subfield code="a">Indiana</subfield><subfield code="z">Brookville.</subfield><subfield code="2">fast</subfield><subfield code="0">(OCoLC)fst01238716</subfield></datafield><datafield ind1=" " ind2="7" tag="651"><subfield code="a">Indiana</subfield><subfield code="z">Indianapolis.</subfield><subfield code="2">fast</subfield><subfield code="0">(OCoLC)fst01205182</subfield></datafield><datafield ind1=" " ind2="7" tag="655"><subfield code="a">Newspapers.</subfield><subfield code="2">fast</subfield><subfield code="0">(OCoLC)fst01423814</subfield></datafield><datafield ind1=" " ind2=" " tag="752"><subfield code="a">United States</subfield><subfield code="b">Indiana</subfield><subfield code="c">Franklin</subfield><subfield code="d">Brookville.</subfield></datafield><datafield ind1=" " ind2=" " tag="752"><subfield code="a">United States</subfield><subfield code="b">Indiana</subfield><subfield code="c">Marion</subfield><subfield code="d">Indianapolis.</subfield></datafield><datafield ind1="0" ind2="8" tag="776"><subfield code="i">Online version:</subfield><subfield code="t">Indiana American (Brookville, Ind. : 1833 : Online)</subfield><subfield code="x">2372-5249</subfield><subfield code="w">(DLC)  2014218278</subfield><subfield code="w">(OCoLC)877951684</subfield></datafield><datafield ind1="0" ind2="0" tag="780"><subfield code="t">Brookville inquirer (Brookville, Ind. : 1833)</subfield><subfield code="w">(DLC)sn 85048163</subfield></datafield><datafield ind1="0" ind2="0" tag="785"><subfield code="t">Indianapolis daily American</subfield><subfield code="w">(DLC)sn 87056532</subfield></datafield><datafield ind1="4" ind2="1" tag="856"><subfield code="u">http://www.loc.gov/chroniclingamerica/lccn/sn84023881/issues</subfield></datafield></record>